@article{guszejnov2017protostellar,
  title={Protostellar feedback in turbulent fragmentation: consequences for stellar clustering and multiplicity},
  author={Guszejnov, D{\'a}vid and Hopkins, Philip F and Krumholz, Mark R},
  journal={Monthly Notices of the Royal Astronomical Society},
  volume={468},
  number={4},
  pages={4093--4106},
  year={2017},
  publisher={Oxford University Press}
}

@article{murphy2018finding,
  title={Finding binaries from phase modulation of pulsating stars with Kepler: V. Orbital parameters, with eccentricity and mass-ratio distributions of 341 new binaries},
  author={Murphy, Simon J and Moe, Maxwell and Kurtz, Donald W and Bedding, Timothy R and Shibahashi, Hiromoto and Boffin, Henri MJ},
  journal={Monthly Notices of the Royal Astronomical Society},
  volume={474},
  number={4},
  pages={4322--4346},
  year={2018},
  publisher={Oxford University Press}
}

@article{garg2010high,
  title={High-amplitude $\delta$-Scutis in the Large Magellanic Cloud},
  author={Garg, A and Cook, KH and Nikolaev, S and Huber, ME and Rest, A and Becker, AC and Challis, P and Clocchiatti, A and Miknaitis, G and Minniti, D and others},
  journal={The Astronomical Journal},
  volume={140},
  number={2},
  pages={328},
  year={2010},
  publisher={IOP Publishing}
}

@article{russell1912determination,
  title={On the Determination of the Orbital Elements of Eclipsing Variable Stars. I.},
  author={Russell, Henry Norris},
  journal={The Astrophysical Journal},
  volume={35},
  pages={315},
  year={1912}
}

@article{balona2013pulsation,
  title={Pulsation and rotation of Kepler stars in the NGC 6866 field},
  author={Balona, LA and Joshi, S and Joshi, YC and Sagar, R},
  journal={Monthly Notices of the Royal Astronomical Society},
  volume={429},
  number={2},
  pages={1466--1478},
  year={2013},
  publisher={The Royal Astronomical Society}
}

@article{shibahashi2015fm,
  title={FM stars II: a Fourier view of pulsating binary stars--determining binary orbital parameters photometrically for highly eccentric cases},
  author={Shibahashi, Hiromoto and Kurtz, Donald W and Murphy, Simon J},
  journal={Monthly Notices of the Royal Astronomical Society},
  volume={450},
  number={4},
  pages={3999--4015},
  year={2015},
  publisher={Oxford University Press}
}

@article{Eastman_2010,
   title={Achieving Better Than 1 Minute Accuracy in the Heliocentric and Barycentric Julian Dates},
   volume={122},
   ISSN={1538-3873},
   url={http://dx.doi.org/10.1086/655938},
   DOI={10.1086/655938},
   number={894},
   journal={Publications of the Astronomical Society of the Pacific},
   publisher={IOP Publishing},
   author={Eastman, Jason and Siverd, Robert and Gaudi, B. Scott},
   year={2010},
   month={Aug},
   pages={935–946}
}

@article{hey2020forward,
  title={Forward modeling the orbits of companions to pulsating stars from their light travel time variations},
  author={Hey, Daniel R and Murphy, Simon J and Foreman-Mackey, Daniel and Bedding, Timothy R and Pope, Benjamin JS and Hogg, David W},
  journal={The Astronomical Journal},
  volume={159},
  number={5},
  pages={202},
  year={2020},
  publisher={IOP Publishing}
}